<record><leader>00000cas a2200000 a 4500</leader><controlfield tag="001">12755975</controlfield><controlfield tag="008">851104d19341969paudr ne      0    0eng c</controlfield><datafield ind1=" " ind2=" " tag="010"><subfield code="a">sn 86081052 </subfield></datafield><datafield ind1=" " ind2=" " tag="040"><subfield code="a">NPH</subfield><subfield code="b">eng</subfield><subfield code="c">NPH</subfield><subfield code="d">NSD</subfield><subfield code="d">NPH</subfield><subfield code="d">NPA</subfield><subfield code="d">DLC</subfield><subfield code="d">YOX</subfield><subfield code="d">NJW</subfield><subfield code="d">MFN</subfield><subfield code="d">KNP</subfield><subfield code="d">CNK</subfield><subfield code="d">OCL</subfield><subfield code="d">DLC</subfield><subfield code="d">OCLCQ</subfield><subfield code="d">DLC</subfield><subfield code="d">OCLCQ</subfield><subfield code="d">OCLCF</subfield><subfield code="d">OCLCO</subfield></datafield><datafield ind1="1" ind2=" " tag="029"><subfield code="a">AU@</subfield><subfield code="b">000022176751</subfield></datafield><datafield ind1=" " ind2=" " tag="042"><subfield code="a">pcc</subfield></datafield><datafield ind1=" " ind2=" " tag="043"><subfield code="a">n-us-pa</subfield></datafield><datafield ind1="0" ind2="0" tag="050"><subfield code="a">Newspaper</subfield></datafield><datafield ind1="0" ind2="4" tag="245"><subfield code="a">The Philadelphia inquirer public ledger.</subfield></datafield><datafield ind1="3" ind2="0" tag="246"><subfield code="a">Public ledger</subfield></datafield><datafield ind1="1" ind2="7" tag="246"><subfield code="a">Philadelphia inquirer</subfield></datafield><datafield ind1=" " ind2=" " tag="260"><subfield code="a">Philadelphia, Pa. :</subfield><subfield code="b">Philadelphia Inquirer Co.,</subfield><subfield code="c">1934-1969.</subfield></datafield><datafield ind1=" " ind2=" " tag="300"><subfield code="a">72 v.</subfield></datafield><datafield ind1=" " ind2=" " tag="310"><subfield code="a">Daily</subfield></datafield><datafield ind1="0" ind2=" " tag="362"><subfield code="a">Vol. 210, no. 106 (Apr. 16, 1934)-v. 281, no. 164 (Dec. 11, 1969).</subfield></datafield><datafield ind1=" " ind2=" " tag="530"><subfield code="a">Also issued on microfilm from the Library of Congress, Photoduplication Service, and Bell &amp; Howell Information and Learning.</subfield></datafield><datafield ind1=" " ind2=" " tag="580"><subfield code="a">Merger of: Philadelphia inquirer (Philadelphia, Pa. : 1860), and: Public ledger (Philadelphia, Pa. : 1927).</subfield></datafield><datafield ind1=" " ind2="0" tag="651"><subfield code="a">Philadelphia (Pa.)</subfield><subfield code="v">Newspapers.</subfield></datafield><datafield ind1=" " ind2="0" tag="651"><subfield code="a">Philadelphia County (Pa.)</subfield><subfield code="v">Newspapers.</subfield></datafield><datafield ind1=" " ind2="7" tag="655"><subfield code="a">Newspapers.</subfield><subfield code="2">fast</subfield><subfield code="0">(OCoLC)fst01423814</subfield></datafield><datafield ind1=" " ind2="7" tag="651"><subfield code="a">Pennsylvania</subfield><subfield code="z">Philadelphia.</subfield><subfield code="2">fast</subfield><subfield code="0">(OCoLC)fst01204170</subfield></datafield><datafield ind1=" " ind2="7" tag="651"><subfield code="a">Pennsylvania</subfield><subfield code="z">Philadelphia County.</subfield><subfield code="2">fast</subfield><subfield code="0">(OCoLC)fst01217128</subfield></datafield><datafield ind1=" " ind2=" " tag="752"><subfield code="a">United States</subfield><subfield code="b">Pennsylvania</subfield><subfield code="c">Philadelphia</subfield><subfield code="d">Philadelphia.</subfield></datafield><datafield ind1="1" ind2="4" tag="780"><subfield code="t">Philadelphia inquirer (Philadelphia, Pa. : 1860)</subfield><subfield code="w">(DLC)sn 86081050</subfield><subfield code="w">(OCoLC)12755963</subfield></datafield><datafield ind1="1" ind2="4" tag="780"><subfield code="t">Public ledger (Philadelphia, Pa. : 1927)</subfield><subfield code="w">(DLC)sn 83045517</subfield><subfield code="w">(OCoLC)2266621</subfield></datafield><datafield ind1="0" ind2="0" tag="785"><subfield code="t">Philadelphia inquirer (Philadelphia, Pa. : 1969)</subfield><subfield code="x">0885-6613</subfield><subfield code="w">(DLC)sn 85003402</subfield><subfield code="w">(OCoLC)8733259</subfield></datafield></record>